1512 2708
152 175 267 235 166
570 169 610 226 S
639 182 693 226 *v
737 186 783 226 u
828 185 860 223 n
900 183 946 223 o
990 182 1026 223 ι
1076 185 1116 226 Α

151 252 392 315 facilitate
407 249 646 335 frangere
659 250 773 311 saxa
790 248 1046 313 duriffima
1060 288 1077 316 ‚
1108 245 1207 333 qua
1224 250 1458 313 tenuiffi-

149 362 258 400 mas
277 358 547 420 penetrant
566 359 715 419 aquas
732 376 749 404 ‚
779 334 920 395 nulla
934 331 1202 415 asperitate
1211 334 1460 397 obfisten-

139 442 241 484 tes.
292 423 439 505 Qid
471 424 630 505 igitur
648 421 965 502 sceptrorum
1001 418 1235 503 fulgore,
1275 427 1328 479 &
1363 419 1458 480 fas-

136 510 283 569 ·cium
299 528 495 568 terrore
510 504 1120 586 insolesciS‚humanisque
1134 505 1461 585 superveetus

147 594 436 654 cervicibus
464 590 785 669 majestatem
814 612 952 651 tuam
971 592 1223 670 imperio,
1261 592 1417 650 minis
1437 629 1457 660 ,

150 677 413 758 suppliciis
445 677 818 737 commendas?
866 677 977 735 Dei
1003 675 1076 732 est
1105 677 1383 754 imperium
1400 677 1455 735 in

153 765 333 847 Reges
359 764 498 844 ipsos
517 801 534 829 ,
568 764 655 842 qui
686 760 888 844 fulgore
902 758 990 818 suo
1008 759 1153 841 aeque
1174 755 1332 819 terret
1355 760 1459 818 dis·

150 849 364 929 jicitque
392 848 621 907 timenda
645 848 730 905 illa
766 846 964 925 capita,
995 865 1192 925 aequos
1207 843 1388 903 humili
1405 845 1460 904 in

149 934 391 1016 tuguri9‚
421 933 623 1013 suaeque
656 928 842 989 affixos
874 929 1034 989 humo
1067 930 1312 989 mortales
1345 950 1460 987 cer-

150 1019 247 1080 nit.
334 1020 473 1077 Heic
506 1017 656 1097 aeque
690 1037 893 1098 magnae
925 1033 1256 1094 proceraeque
1273 1014 1460 1073 cedunt

149 1101 327 1169 cedri,
381 1125 438 1161 ac
482 1123 597 1183 quae
633 1120 820 1160 terram
850 1099 1034 1158 humili
1061 1121 1207 1157 ramo
1237 1100 1458 1181 virgulta

67 1246 70 1249 ,
146 1187 397 1246 ambiunt.
486 1191 669 1267 Atque
699 1183 833 1242 hunc
846 1175 1250 1263 om'nipotentiae
1272 1181 1462 1242 divinae

76 1297 85 1348 g
143 1272 422 1352 vigorem,
462 1269 584 1329 dunt
620 1268 863 1327 omnibus
881 1267 985 1326 fine
1001 1264 1292 1326 discrimine
1307 1266 1456 1327 rebus

62 1358 81 1421 ,ἕ
142 1351 449 1436 Γυὲιρῑεεείῖὲ
475 1353 739 1431 majestate
767 1351 1125 1436 agnoscimus,
1156 1348 1287 1410 subit
1327 1373 1458 1410 con-

83 1466 88 1471 ·
145 1439 357 1522 fidentia
403 1461 589 1521 magna
620 1440 851 1498 animum
889 1437 1117 1497 nostrum
1148 1475 1166 1502 ,
1211 1435 1456 1517 altiusque

148 1527 333 1607 erigit,
389 1522 511 1582 dum
555 1522 1046 1586 animadvertimus,
1092 1520 1455 1580 validiffimum

142 1611 298 1669 nobis
330 1610 386 1666 in
405 1606 551 1666 rebus
572 1609 771 1667 cunstis
792 1604 954 1666 adesse
974 1605 1260 1687 praefidium
1283 1645 1299 1672 ‚
1335 1603 1456 1670 nos-

140 1716 247 1776 que
262 1691 749 1777 gubernariabi110‚
796 1692 878 1750 cui
892 1691 1021 1750 nihil
1035 1687 1255 1749 clausum
1274 1708 1355 1748 aut
1377 1712 1456 1749 ar-

144 1779 300 1856 duum
316 1775 423 1843 est,
475 1777 561 1856 qui
579 1777 761 1834 animis
776 1773 1186 1833 nostrisinterest
1206 1811 1225 1839 ‚
1271 1781 1455 1833 &me-

147 1860 243 1924 diis
265 1863 542 1922 intervenit
559 1857 981 1941 cogitationibus3
1027 1857 1116 1940 qui
1132 1858 1289 1915 vitam
1307 1880 1453 1917 mor-

140 1950 316 2009 talium
336 1947 496 2026 pleno
514 1945 685 2003 invisit
702 1944 913 2005 numine
935 1984 951 2012 ‚
977 1962 1154 2023 neque
1166 1944 1360 2001 malum
1376 1941 1453 2001 fa-

141 2034 287 2095 cinus
318 2027 574 2109 cujusdam
606 2042 701 2112 pro
727 2028 893 2088 nihilo
912 2026 1087 2088 habeti
1108 2029 1329 2108 patitur3
1361 2030 1448 2112 qui

113 2119 371 2180 ‘nostram
399 2115 529 2176 haud
551 2119 756 2199 ignorat
787 2112 1071 2181 miseriam,
1103 2111 1297 2195 nosque
1323 2116 1449 2174 vali-

148 2204 215 2265 da
249 2226 402 2285 manu
434 2224 496 2263 ex
514 2202 753 2262 omnibus
772 2203 970 2282 eripere
985 2200 1223 2262 aerumnis
1239 2198 1406 2279 potest
1423 2239 1444 2268 ,
1480 2259 1482 2261 ,

141 2292 178 2352 fi
206 2290 421 2350 lubitum
441 2287 607 2352 fuerit.
695 2292 889 2370 Neque
903 2287 1015 2348 heic
1032 2285 1258 2349 timenda
1275 2283 1450 2346 homi-

135 2398 265 2439 num
294 2378 560 2461 potentia,
591 2397 750 2459 quum
782 2375 869 2438 ille
898 2394 1040 2458 regat
1068 2370 1446 2466 acmoderetur

299 2490 303 2491 ⁷
1238 2476 1437 2527 omnia,
1482 2514 1488 2522 ,
