1512 2708
131 90 250 153 186
498 62 503 69 ’
552 98 586 154 S
631 118 665 155 Y
711 119 756 159 M
801 122 831 159 ι
879 121 916 160 o
962 122 996 161 ι
1044 122 1083 160 Α

111 258 278 321 NEC
297 262 600 333 CURAT,
619 268 787 328 NEC
801 270 1098 330 SENTIT
1113 270 1407 333 AMANS.

216 427 374 490 Alam
391 428 497 503 est,
536 427 716 496 cervos
733 454 881 497 tanto
899 436 1247 500 inflammatos
1263 437 1417 500 ardo-

213 534 268 571 re
284 515 514 600 persequi
532 541 735 583 cervam
754 562 771 591 ‚
802 541 858 583 ut
874 544 968 584 nec
989 527 1195 585 vulnera
1210 526 1307 583 ulla
1326 545 1415 585 cu-

108 618 256 668 rent,
293 623 388 662 nec
417 607 530 665 ullis
558 626 841 669 terreantur
869 610 1138 689 periculis,
1172 607 1262 668 etsi
1279 631 1410 668 con·

111 687 259 745 tinuo
290 709 593 753 venatorum
625 693 756 753 dolo
789 693 1042 775 expositi,
1074 694 1280 776 singulis
1295 717 1416 753 mo·

110 772 301 834 mentis
337 773 402 834 d‘e
415 773 522 836 vitz'i
539 780 910 860 periclitentur.
961 780 1221 854 Maiorem
1238 797 1414 837 tamen

110 855 272 940 longe
300 877 534 925 amorem
567 862 879 948 agnoscunt,
915 864 1004 945 qui
1028 864 1206 923 divino
1221 863 1422 921 incensi

107 940 320 1011 ardore,
349 950 531 1009 Deum
561 956 616 1008 &
639 954 964 1009 Servatorem
992 947 1133 1008 suum
1166 949 1320 1006 unice
1335 947 1414 1007 se-

109 1047 327 1108 quuntur
358 1035 871 1115 amplefflmnturque:
905 1057 1023 1094 nam
1054 1034 1142 1092 etfi
1172 1032 1410 1114 quotidie

106 1113 341 1191 plurimis
370 1116 671 1180 infestentur
700 1122 937 1200 periculis
965 1138 1115 1200 atque
1147 1118 1410 1178 calamita-

108 1195 244 1257 tibus
259 1238 276 1266 ,
305 1219 477 1263 tamen
510 1207 687 1265 ere<9oe
700 1204 902 1287 semper
923 1207 977 1264 in
995 1207 1181 1264 caelum
1200 1204 1374 1263 animo
1385 1242 1420 1272 ‚.

105 1297 254 1342 tanto
290 1307 471 1349 amore
484 1290 745 1353 adhaerent
762 1291 850 1352 suo
866 1291 1098 1357 numini,
1129 1308 1191 1350 ut
1203 1310 1298 1350 nec
1314 1288 1417 1348 du·

107 1368 297 1430 riffima
328 1371 569 1439 dolorum
603 1380 846 1448 vulnera,
876 1398 973 1438 nec
1004 1376 1123 1437 vitae
1137 1376 1306 1436 tristes
1321 1396 1411 1434 cu-

103 1472 219 1513 rent
264 1460 523 1523 molestias
547 1505 565 1532 ‚
611 1462 698 1523 sed
722 1460 985 1546 intrepide
1019 1479 1235 1544 pergant
1265 1458 1429 1519 sacrisz

105 1538 379 1604 imminere
397 1549 509 1617 viis,
528 1549 703 1610 divin&
722 1548 995 1631 praesenti3
1008 1547 1188 1607 beatis,
1229 1549 1408 1606 Nem-

40 1666 55 1671 -
104 1644 173 1703 pe
203 1626 374 1688 divina
403 1638 568 1713 gratia
596 1645 814 1695 omnem
831 1636 1014 1694 avertit
1030 1632 1274 1693 moeroris
1292 1627 1408 1689 sen-

103 1707 214 1769 sum
233 1752 249 1780 ³
285 1715 684 1803 castissimosque
712 1722 858 1803 ignes
887 1717 1095 1800 inspirat
1123 1715 1407 1777 suiamato-

101 1795 271 1864 ribus,
305 1821 360 1862 ut
391 1811 446 1864 &
479 1807 715 1886 corporis
734 1827 1014 1870 aerumnas,
1043 1810 1095 1863 δέ
1116 1803 1420 1886 ingruentia·⁴

98 1879 289 1963 ubique
320 1892 543 1967 pericula
557 1909 638 1951 aut
652 1892 896 1974 ignorent
911 1931 927 1959 ‚
960 1906 1042 1949 aut
1055 1887 1407 1949 confidentiixs

100 1985 457 2037 contemnant.
506 1982 688 2058 Itaque
703 1975 832 2035 nihil
850 1977 1001 2035 nobis
1020 1994 1101 2033 ant
1118 1968 1419 2039 adversunb«

97 2069 179 2109 aut
206 2057 481 2121 molestum
512 2060 683 2142 potest
708 2062 967 2130 accidere,
1001 2059 1122 2119 dum
1153 2059 1245 2118 hac
1266 2055 1402 2117 sacra

96 2136 319 2199 calemus
345 2144 592 2230 flaqunz'i,
626 2146 749 2206 dum
779 2146 980 2206 divinus
1019 2167 1165 2205 amor
1185 2143 1415 2224 pestora-

93 2219 263 2282 nostra
297 2230 490 2311 agitat:
527 2254 646 2291 nam
675 2230 776 2290 hoc
806 2231 1040 2291 fervente
1069 2229 1250 2291 ardore
1280 2249 1400 2309 gra·-

90 2307 277 2369 viffimi
297 2315 530 2378 levantur
544 2316 787 2391 cruciatus
800 2357 817 2387 ‚
853 2319 1080 2401 pericula
1097 2315 1400 2456 eluduntulr2

1274 2418 1331 2458 ca
1354 2419 1410 2456 a·
