1512 2708
161 79 283 139 266
562 77 598 132 S
637 95 675 134 Y
721 95 767 134 M
811 95 842 132 B
888 94 927 131 o
973 95 1025 133 L-
1060 92 1096 130 A

144 159 310 245 'pero
356 160 481 218 Nos
514 158 568 218 in
596 160 725 219 orbe
754 177 1036 226 terrarum,
1068 157 1228 232 veluti
1244 158 1297 219 in
1313 155 1460 218 dens*

153 266 403 331 vagamur
431 242 607 324 sylvii,
656 251 711 304 &
746 242 989 304 facillime
1026 241 1056 301 ὲ
1088 240 1233 326 regi&
1260 243 1345 306 via
1378 241 1445 302 de
1507 242 1512 297 l

156 333 466 395 flectentes,
510 329 844 390 devia.coeca
877 328 1176 410 sequimur3
1238 328 1361 391 dum
1389 349 1448 388 au
1485 326 1511 386 da

159 419 338 476 nimiae
370 411 556 474 nostrae
583 413 759 473 confisi
786 414 1068 484 securitati,
1116 413 1350 474 divinum
1368 415 1449 472 cul

93 562 97 565 ,
159 523 275 563 tum
295 499 638 582 negligimus,
669 518 752 559 aut
771 497 1116 581 superstitioso
1132 500 1288 559 nimis
1311 499 1450 558 timo
1501 497 1512 552 ἰ

166 609 226 649 re
245 586 456 651 turbati,
475 582 700 663 supremi
718 586 968 645 Numinis
985 585 1159 668 gratiae
1177 583 1460 646 diffidimus
1507 604 1512 637 ι

168 671 264 733 Ad
282 672 507 750 primum
521 670 646 731 illud
660 670 840 733 vitium
859 673 1161 752 plerumque
1175 669 1468 729 aberramus
1499 667 1504 676 ’

120 796 125 800 -
167 757 211 818 fi
233 754 411 814 nostro
442 753 1021 839 nimiumindulgentes
1053 755 1248 837 geni0‚
1281 753 1460 836 magni
1497 753 1502 762 '

171 842 412 901 tudinem
430 862 592 920 opum
623 844 976 923 potentiaeque
995 839 1180 900 nostrae
1197 840 1455 900 intuemur

177 929 377 1010 quippe
396 927 590 985 animus
608 927 700 985 hac
718 926 1012 986 deliciarum
1030 923 1301 984 dulcedine
1329 923 1380 984 vi

178 1010 549 1090 cupiditatibus
593 1009 687 1070 suis
721 1011 929 1071 tantum
958 1011 1205 1076 inhaeret,
1236 1029 1463 1089 avaroqu

181 1095 482 1176 acquirendi
514 1094 836 1178 augendique
871 1096 995 1155 lucri
1040 1094 1243 1156 fervore
1276 1093 1446 1154 stimul
1500 1138 1502 1145 .

180 1200 302 1247 ωε,
341 1187 396 1239 &
415 1181 567 1260 plane
586 1180 850 1247 confusus,
882 1181 1016 1239 sacra
1045 1187 1097 1241 &
1117 1177 1367 1259 profanasti
1379 1175 1443 1236 ns
1506 1192 1512 1207 ⁴

186 1269 357 1326 lenter
374 1262 570 1325 miscet.
620 1269 779 1326 Tunc
809 1265 956 1325 facile
990 1286 1155 1324 rerum
1184 1262 1460 1323 terrestrim
1509 1333 1512 1343 ⁴

186 1347 514 1410 confidenti&
540 1349 588 1410 se
620 1352 806 1435 erigit,
845 1359 901 1412 &
932 1346 1096 1432 pleno
1132 1347 1290 1431 gradu
1317 1347 1378 1407 ad
1413 1346 1481 1408 de·

193 1438 341 1495 vium
373 1435 655 1514 impietatis
681 1437 942 1496 tramitem
973 1434 1279 1502 contendit,
1313 1455 1480 1493 rerum

196 1542 300 1601 que
329 1514 520 1579 suarum
549 1543 726 1582 amore
754 1520 986 1581 seducius
1015 1520 1308 1579 contemnit
1341 1516 1449 1599 ipsu

197 1606 501 1665 felicitatum
538 1607 776 1665 omnium
810 1605 1010 1665 fontem
1043 1644 1060 1671 ‚
1103 1605 1477 1687 gaudiorumqu

200 1691 461 1771 optimam
495 1692 769 1774 originem.
837 1694 958 1750 Nec
990 1690 1149 1749 levius
1185 1693 1400 1749 alterum
1434 1687 1484 1748 ν’

205 1779 369 1844 tium,
400 1775 460 1834 ad
491 1777 631 1856 quod
670 1774 1039 1857 superstitionis
1082 1776 1374 1856 pervenitur
1408 1769 1486 1832 vi'⁸

207 1860 334 1920 dum
373 1860 646 1921 ambitiosi}
677 1864 866 1942 pietate
883 1861 1374 1925 turbatiomittimus
1401 1856 1489 1917 sol'

211 1946 336 2005 dum
366 1945 733 2027 robustumque
764 1949 975 2007 Pietatis
1002 1948 1132 2014 iter,
1178 1953 1232 2006 &
1264 1966 1356 2025 per
1384 1965 1489 2025 prae

214 2049 363 2110 rupta
395 2033 471 2090 ire
499 2032 801 2091 diverticula
832 2031 1127 2114 gaudemus,
1186 2033 1347 2108 Cujus
1378 2051 1465 2110 pra

207 2116 404 2174 erroris
433 2115 544 2176 duae
576 2116 905 2196 potiffimilm
937 2112 1090 2173 causae
1122 2114 1268 2192 sunt3
1308 2137 1461 2196 quaru

219 2202 386 2281 prima
401 2199 590 2282 estipsa
613 2202 976 2262 Melancholiae
1008 2201 1113 2270 viS,
1149 2225 1261 2284 quae
1292 2201 1480 2280 plurim

216 2286 448 2348 sollicitis
480 2286 885 2370 cogitationibus
907 2286 1113 2350 divertit
1137 2285 1496 2359 mortalium-ju

1369 2368 1498 2428 dicia
