1512 2708
81 97 198 159 302
459 74 1009 139 SYMnoL'A

74 169 128 223 in
165 161 502 228 Christianis,
536 170 590 222 δι
621 163 827 223 iincerae
868 163 1072 244 pietatis
1099 159 1397 225 hominibus
1482 219 1512 241 „

72 248 452 308 confideramus
482 244 866 326 spthaculum‚
898 270 1024 308 mox
1064 247 1278 328 pavidus
1308 251 1423 313 ille.

77 335 267 393 mentis
304 331 490 391 nostrae
522 330 711 391 horror
742 332 969 416 aufugit,
1007 331 1131 394 dum
1163 334 1405 394 relistam-
1450 338 1456 343 '

77 438 325 478 terrarum
357 416 612 478 miseriam
633 464 648 486 ,
684 424 739 478 δι
772 417 1027 477 felicioris
1050 418 1174 478 vitae
1188 418 1394 492 initium

78 502 352 587 lignificari
414 502 568 562 nobis
622 502 717 561 illo
772 502 1244 564 animadvertimus
1326 505 1400 563 Et

77 611 366 671 quanquam
395 588 638 668 corporis
671 589 962 671 animaeque
978 585 1229 670 separatio
1247 587 1388 657 dura,
1448 653 1456 659 ,

79 673 433 754 violentusque
482 671 714 731 videatur
755 671 987 734 sensuum
1030 675 1225 741 abitus,
1261 695 1398 753 prae-

76 758 379 818 stantiffima
414 777 589 816 tamen
641 757 788 836 hujus
829 758 1225 843 demigrationis
1269 759 1400 816 ratio

79 866 175 903 nos
193 843 254 903 ad
274 844 524 926 insignem
542 842 720 924 potius
739 845 928 903 excitat
942 845 1178 903 laetitiam
1196 882 1214 910 ‚
1235 841 1398 924 quam

81 932 131 988 iu
151 926 298 987 foedo
316 929 550 988 continet
576 929 795 998 timore,
818 950 974 1010 quem
995 951 1142 988 amor
1160 929 1279 988 vitae
1295 946 1402 986 ter-

84 1012 251 1073 restris
287 1052 303 1080 ,
346 1019 401 1071 &
449 1014 621 1071 innata
649 1012 887 1072 debilitas
915 1017 1222 1094 plerumque
1251 1033 1402 1072 com-

83 1119 301 1158 movere
330 1096 511 1155 solent.
564 1099 724 1156 Tunc
756 1099 910 1159 etiam
945 1119 1052 1157 non
1079 1098 1402 1180 cogitatione

82 1180 282 1248 solum,
315 1179 398 1240 sed
417 1180 579 1240 oculis
596 1180 709 1260 ipfis
740 1183 1020 1262 accipimus
1043 1221 1061 1250 ,
1091 1181 1399 1262 corpushoc

83 1267 315 1329 nostrum
332 1284 606 1345 tantopere
624 1265 652 1323 a
670 1267 821 1326 nobis
852 1270 1079 1336 cultum,
1114 1273 1166 1327 &
1188 1269 1244 1325 in
1270 1267 1398 1326 deli-

83 1359 175 1413 ciis
208 1351 469 1420 habitum,
524 1349 651 1409 nibil
684 1351 772 1411 nisi
806 1349 1056 1411 foetidum
1092 1372 1307 1412 coenum
1344 1371 1402 1411 ac

82 1436 334 1501 funestum
355 1433 453 1495 effe
472 1437 736 1516 pulverem
753 1461 774 1494 ε
799 1435 1046 1519 simulque
1077 1434 1199 1495 inde
1222 1457 1401 1495 recor-

84 1529 261 1584 damur
291 1522 597 1603 gravitatem
629 1520 810 1579 defieri
829 1570 842 1589 ,
881 1528 934 1581 &
955 1519 1264 1580 obstinatam
1287 1523 1395 1601 pri-

83 1629 289 1671 morum
339 1611 616 1664 Parentum
651 1604 1092 1673 inobedientiam,
1139 1604 1241 1686 qua
1277 1627 1402 1686 poea-

85 1718 171 1755 nas
199 1691 481 1751 meruimus
516 1689 836 1750 haereditaria
866 1690 1049 1774 culpfi,
1092 1689 1272 1773 easque
1305 1689 1405 1749 no-

85 1781 199 1839 stris
226 1775 539 1836 intendimus
573 1775 877 1843 sceleribus,
908 1798 960 1836 ut
979 1795 1149 1835 morte
1166 1775 1400 1860 digniffi-

85 1867 158 1924 mi
192 1860 423 1921 esl'emuS.
481 1858 578 1919 Sed
619 1860 846 1939 laudetur
886 1862 938 1920 in
969 1881 1217 1921 aeternum
1250 1882 1398 1920 amor

86 1951 273 2008 divinae
305 1945 517 2028 gratiae‚
552 1943 784 2004 laudetur
816 1945 1064 2007 immensa
1111 1949 1215 2022 ejus
1249 1943 1402 2005 mise-

87 2031 306 2094 ricordia
322 2070 346 2097 ‚-
370 2028 514 2111 quod
548 2029 699 2087 nobis
718 2036 769 2088 &
799 2035 1076 2091 Parentum
1096 2031 1209 2090 labe
1228 2027 1399 2090 focda-

84 2123 184 2186 εἷς,
230 2121 281 2174 &
333 2136 397 2173 ex
440 2111 613 2172 nostra
664 2116 947 2195 petulantia
979 2116 1202 2200 graviter
1232 2115 1407 2175 delin-

87 2199 360 2288 quentibus
389 2238 405 2263 ‚
447 2196 684 2280 adeoque
732 2202 880 2260 omni
926 2200 1092 2286 gratia
1135 2199 1363 2284 indignis
1381 2240 1411 2269 ,2

80 2308 299 2374 propter
328 2282 499 2367 Jesum
527 2282 794 2346 Christum
812 2286 1044 2371 ingentia
1076 2284 1246 2346 nostra
1266 2308 1393 2344 con-

1164 2370 1392 2434 donave-
