1512 2708
125 80 238 166 192
553 84 1092 143 SYMBOLA

294 252 423 310 TE
465 250 808 310 soLAM
856 212 1261 328 QAEMT.

233 423 295 479 T
328 417 445 480 sane
475 421 612 479 nulla
629 438 709 477 res
724 436 919 481 tantam
934 419 1089 480 habet
1105 421 1240 490 vim,
1274 423 1355 481 vel
1373 420 1433 482 ad
1461 473 1470 479 .

240 504 632 566 abstrahendum
665 504 728 563 ab
759 504 1070 566 terrestrium
1101 527 1271 565 rerum
1294 507 1412 586 cupi

133 591 295 651 ditate
328 592 559 650 animum
579 637 595 659 ,
636 589 720 650 vel
754 589 817 649 ad
832 588 1232 672 compescendas
1249 612 1437 671 corpo·

134 677 205 738 ris
234 675 443 736 delicias
472 672 867 756 voluptatesque
895 676 1056 756 quarn
1073 677 1262 735 amoris
1279 675 1437 736 divin'
1474 707 1475 710 ¹

134 763 321 845 vigor,
360 761 448 840 qui
480 757 568 819 ubi
604 758 762 818 semel
795 762 849 819 in
876 760 1106 822 hominis
1136 757 1337 841 illapsus
1370 783 1397 820 e
1504 809 1509 839 e

137 850 402 910 animum,
431 862 604 904 toturn
632 842 731 903 fibi·
749 845 895 905 illum
913 846 1174 925 mancipat
1196 892 1212 913 ,
1246 863 1419 904 totum

141 952 245 1014 que
275 931 332 989 in
360 927 412 988 se
440 929 700 990 convertit
730 949 788 987 ac
821 929 1024 1013 defigit.
1084 933 1178 988 De
1204 947 1418 1013 magnet
1486 926 1492 959 ἶ

140 1014 344 1078 constat
376 1061 392 1084 ,
449 1015 597 1074 illum
625 1011 719 1073 filo
747 1011 1034 1097 suspensum
1053 1053 1071 1080 ,
1121 1012 1294 1075 versus
1324 1019 1426 1093 Sep

142 1102 467 1163 tentrionem
505 1096 658 1166 ferri,
692 1116 846 1180 atque
878 1119 1133 1161 recurrere
1150 1097 1211 1157 ad
1226 1100 1426 1160 hunclo

144 1209 270 1247 cum
295 1223 313 1253 ,
354 1183 553 1243 etiamsi
589 1180 874 1245 sexcenties
911 1184 974 1244 ad
1008 1185 1326 1251 Orientem,
1373 1206 1430 1242 au

147 1268 508 1332 Occidentem
529 1268 775 1339 moveriS,
798 1290 1055 1351 manuque
1069 1269 1453 1351 circumegeriS.

144 1355 343 1417 Pariter
374 1375 520 1413 amor
551 1353 751 1414 divinus
781 1393 798 1421 ‚
848 1353 884 1413 s1
912 1356 1005 1414 illo
1036 1352 1269 1413 ardemus
1298 1392 1316 1420 ‚
1357 1353 1457 1413 hoe

147 1441 256 1523 agit
273 1479 291 1507 ,
327 1459 384 1497 ut
403 1443 585 1499 Deum
614 1434 817 1518 semper
845 1441 1053 1499 unicum
1071 1438 1340 1497 anxietatis
1361 1440 1460 1499 rni-

146 1525 397 1605 seriaeque
423 1521 611 1582 nostrae
643 1521 915 1584 habeamus
948 1522 1283 1605 confiJgium,
1314 1541 1368 1581 ut
1401 1524 1461 1580 il-

149 1609 340 1671 lumin
381 1607 530 1667 rebus
567 1605 798 1668 secundis
832 1606 1160 1689 respiciamus
1200 1648 1218 1674 ,
1263 1607 1341 1664 illi
1371 1603 1463 1666 sol'
1500 1658 1502 1661 ,

149 1693 531 1761 adhaereamus,
564 1691 619 1749 in
651 1694 761 1769 ejus
793 1692 1050 1755 honorem
1068 1713 1253 1752 omnes
1273 1689 1441 1752 nostra
1495 1692 1499 1697 ⁴

149 1781 384 1840 afflones
438 1777 732 1859 dirigamus.
810 1780 882 1837 Et
911 1780 1034 1838 licet
1062 1779 1177 1838 heic
1208 1778 1444 1837 calamita

153 1865 292 1925 tibus
329 1861 520 1922 turbati
559 1861 746 1922 nostris
783 1865 845 1925 ad
862 1863 1240 1944 impatientiam
1255 1860 1445 1945 instige
1510 1895 1512 1926 1

151 1971 272 2014 mur
306 1994 322 2016 ‚
371 1946 488 2007 heic
535 1967 813 2026 pravorum
856 1946 1129 2008 hominum
1157 1946 1432 2007 irrisionei
1509 2005 1512 2013 Δ

155 2031 342 2096 nostra
361 2029 798 2112 reprehendamur
814 2033 1042 2114 pietate3
1076 2032 1137 2090 ab
1155 2033 1262 2091 aliis
1276 2033 1391 2093 heic
1411 2056 1435 2092 a
1501 2042 1512 2070 ’<

155 2120 455 2197 voluptates
474 2154 493 2182 ‚
542 2115 653 2176 illic
685 2117 744 2177 ad
771 2118 933 2184 iram,
963 2116 1142 2178 odium
1163 2156 1179 2184 ‚
1228 2124 1281 2179 δε
1314 2118 1448 2176 avari

160 2206 293 2264 tiam
323 2201 606 2260 alliciamur
636 2228 653 2275 ;
706 2224 814 2262 non
844 2222 1021 2263 tamen
1048 2224 1199 2263 mens
1224 2202 1443 2262 sanffior

163 2305 447 2375 commota
476 2286 617 2369 igni,
652 2287 683 2352 ἃ
717 2291 848 2372 Deo
879 2287 1204 2365 abstrahitur3
1236 2291 1289 2352 in
1315 2309 1476 2433 {luem

956 2373 968 2377 ’
1336 2375 1478 2433 olum
1508 2422 1510 2426 .
