1512 2708
105 150 233 211 214
478 136 513 191 S
556 152 591 192 Y
636 151 682 191 M
728 153 760 189 n
803 152 848 190 o
895 151 933 190 L
982 152 1020 190 A
1172 160 1178 164 -

98 216 227 278 ferat
255 215 444 279 fruc‘tus
462 257 479 286 ‚
512 217 600 298 qui
630 223 684 275 δε
714 217 870 274 robur
900 214 1312 285 val1d1ff1num
1356 185 1473 315 &i

98 322 464 362 ornamentum
496 300 896 382 pulcherrimum
917 299 1088 359 eidem
1115 290 1481 383 circumpo-
1442 330 1470 352 =-·

98 406 238 447 nant.
289 389 676 447 Munimentum
694 385 900 468 aliquod
919 382 1149 444 sabuloso
1165 385 1301 444 vallo
1317 386 1415 445 ob-
1445 389 1472 468 J*

101 471 310 531 ductum
329 511 346 538 ‚
368 491 423 532 ut
438 491 544 531 tam
563 470 832 530 hostilibus
851 469 1059 539 infidiis,
1084 491 1241 550 quam
1264 493 1413 551 aper·
1434 481 1462 542 J

99 558 163 616 tis
193 556 566 617 insultantium
578 555 764 616 resistat
793 557 1016 623 viribu3‚
1052 573 1205 635 atque
1234 556 1328 616 adv
1317 579 1417 615 er-
1455 604 1472 624 ,.

98 640 146 700 Γ
141 664 182 700 ις
203 643 567 740 tempestatum
589 643 698 702 vim
716 636 979 700 incolume
995 639 1262 720 perduret,
1295 639 1414 701 fun-
1463 652 1467 659 '

99 726 343 787 damenta
367 729 528 812 exigit
546 749 610 786 ex
631 726 759 785 duro
779 726 950 804 lapide
965 723 1271 796 εοιιΡιι-,ιιὲὶα
1297 748 1412 807 quae
1432 739 1450 758 ·

96 812 387 872 succurrant
418 833 565 872 terrae
595 808 891 869 labascentis
919 809 1213 893 fragilitati,
1246 817 1299 869 &
1323 834 1410 871 va·
1461 864 1480 878 ,,

97 897 288 957 lidiore
318 896 402 956 sua
418 893 708 958 constantia
727 897 1124 976 perpetuitatem
1153 913 1304 976 atque
1322 896 1415 955 de·
1461 891 1464 901 ³

97 1004 184 1043 cus
202 980 402 1042 addant.
452 987 574 1042 Nos
591 981 713 1040 dum
730 979 897 1063 fragili
916 983 1150 1060 corporis
1164 979 1413 1061 surgimus

100 1089 393 1149 compage,
439 1075 493 1128 &
534 1069 587 1126 in
617 1063 845 1125 nostram
881 1064 1215 1125 adolescimus
1244 1063 1415 1124 imbe-
1448 1084 1474 1104 ‘·

1431 29 1512 85 p.

98 1154 368 1212 cillitatem
387 1191 403 1219 ‚
444 1168 659 1232 oportet
677 1150 857 1229 primis
877 1149 931 1207 in
956 1151 1099 1207 annis
1116 1151 1216 1209 tali
1221 1147 1414 1209 firmari
1435 1178 1438 1180 ·

99 1235 473 1306 fundamento,
517 1254 573 1296 ut
603 1235 839 1295 omnium
872 1232 1099 1292 hostium
1146 1241 1199 1293 &
1238 1233 1414 1303 dolos,
1450 1243 1453 1246 ’

102 1328 158 1382 δε
191 1321 324 1381 bella
346 1363 363 1391 ,
397 1329 452 1382 δε
482 1321 647 1380 varios
678 1318 897 1378 fortunae
928 1317 1061 1378 casus
1081 1341 1230 1400 aequo
1246 1317 1416 1399 perFe-

24 1445 28 1448 -
99 1429 269 1466 ramus
302 1408 506 1474 animo,
556 1405 1002 1487 pulcherrimaque
1035 1405 1194 1464 animi
1231 1425 1434 1478 corto--

102 1491 272 1551 borati
308 1494 483 1574 quiete
513 1531 530 1559 ,
591 1488 724 1548 haud
754 1487 1027 1548 sentiamus
1065 1490 1412 1548 calamitatum
1463 1540 1470 1544 .

104 1576 377 1644 dolorem,
415 1576 734 1672 periculique
765 1592 1038 1636 terrorem.
1096 1574 1417 1631 Dixiinte-

102 1662 237 1720 neris
282 1663 566 1743 primisque
604 1660 747 1717 anuis
777 1659 1042 1735 Juventuti
1070 1655 1414 1717 instillandam
1462 1654 1483 1668 ⁵

62 1794 67 1800 .
105 1748 392 1806 Pietatem:
439 1768 559 1805 nam
586 1745 675 1824 qui
692 1741 898 1802 tantum
916 1741 1297 1822 decrepitorum
1323 1747 1419 1801 Se·

105 1855 230 1892 num
249 1829 347 1891 esse
363 1850 544 1912 putant
561 1828 825 1897 officim,
861 1846 917 1886 ut
946 1827 1006 1886 ad
1035 1828 1244 1887 Pietatis
1277 1845 1418 1886 tran-

104 1917 413 1999 quillitatem
429 1914 762 2014 confugiant,
804 1913 930 1970 &m
950 1910 1108 1971 debili
1125 1929 1302 1981 aetate,
1325 1934 1417 1971 ex-

102 2021 381 2083 tremoque
421 2002 541 2061 vitae
579 2018 822 2095 tempore
849 2035 866 2062 2
926 1993 1052 2056 seria
1081 1998 1415 2094 ‘poenitentiz
1467 2060 1469 2062 ,

108 2088 337 2147 animum
370 2088 645 2152 vellicent,
680 2084 716 2142 ii
748 2079 877 2143 mihi
907 2079 1090 2142 suum
1078 2103 1317 2165 ignorare
1335 2085 1418 2144 vi-

110 2171 292 2232 dentur
326 2169 483 2233 fatum
506 2209 521 2238 ‚
555 2166 695 2253 quod
712 2166 861 2229 omni
894 2167 1136 2229 imminet
1164 2167 1331 2235 aetati,
1359 2173 1415 2227 &

109 2264 214 2317 tam
231 2259 477 2334 juvenem
493 2253 783 2317 imberbem
799 2295 817 2324 ‚
849 2253 1006 2335 quam
1023 2252 1305 2316 desolatum
1325 2275 1418 2311 an-
1466 2260 1478 2321 -ξ

110 2344 190 2404 nis
228 2341 401 2405 senem
431 2344 583 2428 rapit.
655 2343 852 2426 Neque
893 2339 1132 2427 audiendi
1171 2341 1279 2406 illi,
1328 2339 1417 2418 qui

1246 2423 1413 2504 pieta·
1464 2433 1467 2437 “
