1512 2708
84 71 221 147 306
438 71 471 128 S
531 90 567 130 Y
611 89 656 131 m
705 92 736 129 n
788 94 829 132 o
871 92 906 132 ιι.
959 90 993 128 A

70 174 187 213 mur
216 152 618 235 poenitentiam,
651 154 832 216 divino
864 155 1093 217 Numini
1125 151 1380 236 acceptis-

67 236 264 299 simam.
312 242 481 317 Hujus
510 240 677 300 radios
707 240 828 302 dum
849 244 902 301 in
933 242 1083 302 nobis
1102 243 1184 324 agi
1215 239 1373 302 senti-

61 344 206 392 ωας,
236 326 463 385 innatam
491 325 904 387 imbecillitatem
939 326 1164 391 nostram
1192 347 1375 387 emen-

63 408 240 470 damus
268 450 287 478 ,
337 412 589 471 vitiorum.
619 414 883 472 illecebras
913 453 930 481 ‚
975 413 1158 493 quibus
1190 411 1373 474 irretiti

65 493 266 563 finnus,
303 496 462 555 vita-re
493 496 764 566 discimus,
798 505 849 557 ὅ(
883 496 946 556 ad
973 498 1282 557 sane'tiorem
1312 515 1371 556 ac

66 583 199 640 Deo
213 601 502 663 pergratam
523 583 681 642 vitam
713 583 1094 646 contendimus.
1129 590 1204 642 At
1222 584 1377 663 quic-

64 665 190 746 quid
219 668 345 726 boni
367 689 457 746 per
485 669 626 728 illam
661 667 956 749 praestamus
986 670 1203 750 gratiam
1221 707 1237 733 ‚
1262 689 1371 727 non

59 750 117 811 in
134 748 531 821 terrenalaude‚
565 771 648 813 aut
666 751 796 814 vana
813 754 1100 813 ambitione
1126 749 1380 831 cons12stir3

65 858 233 919 neque
271 838 414 898 enim
457 837 520 897 ad
568 841 850 919 periturum
897 836 1205 918 adspiramus
1246 859 1371 919 gau-

57 919 201 981 dium
228 961 248 990 ‚
281 921 365 982 sed
393 945 458 983 ex
489 921 792 1005 quotidiana
821 925 1165 985 tentationum
1198 929 1251 982 &
1284 945 1406 982 cuc

60 1006 334 1087 piditatum
381 1008 664 1070 nostrarum
709 1008 886 1093 pugna
931 1011 1074 1069 illam
1107 1004 1377 1087 exspefia-

61 1113 178 1152 mus
205 1094 483 1154 vistoriam·
502 1143 517 1164 ,
551 1113 606 1154 ut
646 1095 815 1156 laurea
849 1113 1054 1155 aeternae
1081 1094 1266 1177 gloriae
1290 1093 1375 1152 in-

59 1175 259 1260 signiti,
291 1177 352 1237 ad
388 1196 688 1260 perpetuam
719 1182 1028 1240 extollamur
1043 1177 1366 1247 felicitatem,
1450 1251 1457 1257 .

58 1261 468 1323 constantiffimz‘i
509 1265 684 1346 quiete
723 1271 777 1326 &
817 1264 1133 1343 jucunditate
1160 1263 1372 1324 clariffi·-

58 1368 216 1409 mam.
283 1352 402 1408 Hac
422 1347 508 1430 spe
539 1348 757 1421 suffulti,
789 1373 896 1411 non
921 1351 1189 1410 horremus
1222 1373 1370 1411 mot-

59 1450 170 1494 tem
194 1473 215 1501 ‚
255 1453 311 1494 ut
341 1433 680 1516 supplicium,
712 1458 821 1497 non
851 1435 1239 1518 expavescimus
1267 1437 1371 1495 mi·
1416 1480 1419 1483 ,

58 1540 236 1579 nantes
267 1539 563 1601 temporum
595 1520 764 1590 casus,
808 1543 935 1604 pace
970 1519 1152 1582 divina·
1176 1520 1333 1602 gavili
1353 1546 1377 1582 :-

59 1611 113 1665 &
144 1628 435 1688 quanquam
466 1607 628 1667 adhuc
656 1606 818 1667 indies
839 1605 1379 1673 vexeinurmolestiiS,

57 1692 446 1773 affligamurque
481 1694 852 1753 calamitatibus
882 1733 899 1761 ‚
944 1714 1053 1752 non
1082 1709 1258 1752 tamen
1293 1690 1371 1750 his

51 1774 430 1836 succumbimus
458 1817 477 1844 ‚
517 1777 602 1838 sed
638 1776 892 1857 speramus
939 1779 1192 1862 exiguum.
1223 1775 1370 1853 hujus

59 1864 179 1922 vitae
211 1863 485 1930 dolorem,
530 1860 948 1943 praestantiffimo
979 1863 1188 1922 tandem
1220 1882 1373 1920 com-

54 1966 309 2008 mutatum
330 1949 391 2006 iri
413 1945 606 2031 gaudio
625 1989 642 2017 ‚
674 1972 778 2031 quo
811 1947 998 2009 nostrae
1027 1946 1137 2028 spes
1165 1968 1272 2005 non
1305 1946 1372 2005 il-

53 2032 145 2100 lis,
199 2033 380 2115 quibus
413 2055 546 2092 nunc
578 2036 837 2115 rapimur,
883 2032 1221 2112 cupi-ditatum
1259 2028 1366 2090 sua-

52 2138 166 2177 rum
200 2117 540 2197 explebuntur
554 2117 782 2188 deliciis,
812 2116 897 2177 sed
926 2117 1122 2177 fincero
1141 2123 1197 2176 δι
1227 2115 1374 2174 casto

44 2201 98 2260 in
153 2207 331 2262 Deum
373 2226 552 2263 amore
584 2243 602 2271 ‚
661 2203 747 2262 sed
791 2203 1165 2285 tranquillitate
1208 2200 1370 2259 animi

45 2287 296 2369 perpetua
315 2328 331 2357 ,
361 2286 450 2349 sed
481 2286 661 2349 laetitia
680 2286 906 2361 illibata,
946 2289 1001 2349 in
1020 2286 1376 2348 :eternitatem-

1157 2389 1382 2432 omnem.
