1512 2708
157 134 279 217 '190'
372 214 376 216 ῃ
536 139 569 195 S
614 154 649 196 Y
694 156 740 196 M
786 157 818 195 n
865 158 904 197 o
948 155 984 197 ι
1036 160 1076 198 Α

148 224 368 288 efficiet,
400 235 457 278 ut
474 219 672 279 divinus
688 225 853 282 cultus
867 222 1093 284 humano
1109 223 1465 306 postponatur.

155 308 281 367 uni·
306 304 634 366 offerendum
666 305 740 367 est
766 329 859 367 cor
890 306 1122 369 nostrum
1142 349 1168 386 ,ι
1207 333 1303 371 nec
1333 316 1492 377 illud.

152 412 271 450 cum
303 390 537 470 pluribus
553 390 921 469 dividendumg,
955 415 1113 474 quum
1140 386 1292 455 'sstam
1325 397 1460 459 divi-

148 474 348 535 sionem
377 472 575 554 respuat
602 476 818 537 caelestis
850 500 1026 545 amor,
1065 481 1153 561 qui
1172 496 1341 541 totum
1366 481 1456 546 fibi

142 559 251 620 dari
281 560 461 641 peetus
495 559 731 641 postulat.
782 568 928 622 Inter
947 561 1101 623 flores
1119 564 1347 625 laudatur
1364 566 1458 628 he-

137 645 454 725 liotropium
473 693 486 714 ,
522 643 672 726 quod
699 644 748 706 se
770 647 830 706 ad
846 648 1053 707 unicum
1071 669 1340 711 convertat
1357 656 1428 711 So
1441 687 1462 699 ·

139 731 280 797 lem,
313 735 369 788 δε
401 732 559 790 veluti
591 727 832 791 inferiora
861 730 1155 801 fastidiens,
1186 732 1238 794 se
1252 757 1369 796 cum
1387 759 1454 797 eo
1493 782 1496 784 ψ

141 816 465 896 circumagat
493 854 512 884 ,
562 814 940 898 abeuntemque
963 815 1216 898 sequatur.
1280 838 1452 880 tantus

140 922 288 960 amor
316 898 391 959 est
407 898 599 961 sideris,
687 906 816 960 Hoc
828 923 1036 982 quoque
1051 924 1258 984 agamus
1275 905 1329 962 in
1350 927 1453 965 cae«

138 987 247 1045 lum
288 982 520 1044 nostrum
549 985 772 1052 intenti,
804 992 859 1045 &
887 988 972 1044 uni
1005 1008 1100 1044 nos
1117 990 1246 1045 Deo
1261 986 1454 1047 offera-

141 1092 288 1131 mus:
321 1067 374 1129 id
387 1067 536 1129 unice
557 1088 788 1129 curantes
803 1108 820 1135 ‚
848 1077 902 1128 ut
918 1071 1091 1129 omnis
1111 1070 1285 1130 noster
1303 1094 1452 1133 amor

130 1153 305 1214 >solum
336 1175 455 1214 eum
472 1152 706 1233 respiciat
727 1192 743 1220 ,
771 1152 1065 1235 nostrasque
1079 1156 1308 1215 aetiones
1326 1156 1453 1216 diri-
1476 1170 1485 1175 '

135 1258 225 1324 gat
253 1237 316 1296 ad
353 1237 771 1318 promovendam
799 1239 905 1316 ejus
921 1240 1142 1320 gloriam
1163 1286 1177 1307 ,
1219 1247 1272 1298 &
1297 1241 1357 1300 ad
1369 1240 1448 1302 fu-

136 1321 387 1407 giendum
417 1343 579 1382 omne
602 1321 758 1391 illud,
807 1323 947 1404 quod
974 1322 1128 1403 ipfius
1147 1323 1350 1383 videtur
1369 1348 1451 1386 re-

136 1429 366 1492 pugnare
391 1406 663 1486 potestati,
689 1426 843 1488 atque
877 1403 1156 1485 justiffimae
1171 1411 1440 1470 voluntati.
1470 1404 1473 1406 ’

138 1497 287 1553 Nam
319 1492 406 1552 ubi
443 1513 612 1551 rerum
632 1490 946 1551 terrestrium
962 1513 1139 1552 amore
1157 1490 1449 1554 distrahitur

134 1577 432 1638 mortalium
461 1578 657 1636 animus
680 1612 699 1640 2
758 1573 954 1635 fastidia
984 1596 1100 1634 eum
1137 1578 1447 1659 plerumque

145 1662 425 1723 cae-lestium
443 1683 619 1721 rerum
637 1660 844 1742 capiunt
860 1700 878 1729 ‚
907 1679 963 1719 ut
980 1681 1077 1720 nec
1094 1663 1345 1722 voluntati
1363 1664 1444 1723 di-

129 1750 298 1818 vinae‚
331 1767 426 1807 nec
454 1743 828 1827 potestati‘sese
868 1742 1014 1827 aequfi
1046 1744 1293 1826 patientia
1326 1745 1442 1806 sub-

128 1835 336 1905 mittat3
364 1854 523 1915 quum
557 1829 777 1892 validior
809 1850 977 1890 rerum
993 1831 1477 1913 inaniu1n›cupidi-·

128 1935 205 1977 tas
231 1920 391 1998 rapiat
421 1911 758 1977 transversum
778 1954 796 1982 ‚
826 1934 882 1974 ut
915 1913 1046 1974 ferre
1062 1913 1441 1987 erubescamus,

125 2000 376 2085 quicquid
408 2001 592 2063 divino
624 1999 838 2060 arbitrio
866 1998 1080 2059 statuere
1112 2000 1176 2060 de
1192 1999 1342 2060 nobis
1364 2006 1442 2063 lu·-

124 2087 232 2154 bet.
284 2088 526 2149 Pertinax
557 2087 698 2149 enim
713 2086 799 2146 ille
812 2107 960 2147 amor
974 2083 1082 2152 est,
1119 2087 1442 2167 &quemad-

129 2173 349 2240 modum
380 2173 616 2235 rivalium
645 2169 1149 2252 impatientiffimuS,
1186 2173 1256 2232 ita
1271 2171 1434 2233 obsti-

131 2259 415 2323 natiffimus
445 2256 678 2321 adversus
709 2258 888 2326 illum,
917 2257 1006 2340 qui
1028 2257 1064 2318 ὲ
1085 2258 1300 2324 terrenis
1315 2279 1434 2319 eum

126 2344 419 2411 abstrahere
452 2345 685 2421 deliciis,
721 2350 778 2409 &
811 2344 900 2432 uni
924 2342 1015 2431 sibi
1050 2344 1428 2491 addicerficon-

1294 2447 1433 2493 ituit.
