1512 2708
89 115 179 177 68
310 191 315 195 ¹
494 118 528 175 S
571 134 609 177 Y
652 133 697 176 M
743 136 775 175 B
823 132 860 175 0
908 115 945 177 t
991 119 1034 179 a
1083 159 1088 165 -

127 279 486 345 MO-TIBUS
532 282 930 345 INTERNIS-
961 283 1351 352 REGITUR.v

86 439 297 577 SAtis
327 445 555 518 constat,
611 453 790 510 Deum
822 453 961 530 Opt.
997 452 1140 510 Max.
1176 447 1402 508 internis·

175 550 274 587 nos
306 550 487 613 regere
512 534 771 600 motibuS,
816 554 870 593 ut
894 533 954 594 ad
970 535 1219 615 pietatem
1235 533 1396 592 virtu-

84 630 305 694 temque
329 618 567 694 prompti
595 617 930 677 inveniamur.
1021 621 1167 677 Nam
1197 616 1285 676 etsi
1301 637 1397 675 ex-

86 699 245 757 ternis
276 698 330 755 in
364 698 513 757 rebus
552 700 777 761 maxima
817 701 1046 760 videatur
1080 699 1209 781 sjaesspe
1239 699 1394 759 ineffe

88 784 289 865 agilitas
320 820 337 849 ,
397 781 501 865 qua
551 783 843 845 humanum
868 787 1151 866 negotium
1176 783 1397 843 feliciter

86 865 393 945 expeditur3
455 885 679 929 attamen
709 869 818 929 haec
843 870 1023 929 omnia
1055 866 1184 926 haud
1215 867 1398 948 sponte

90 947 268 1010 nostra
298 947 640 1032 exsequimur.
733 953 953 1034 Qippe
968 949 1164 1011 sanctus
1182 952 1270 1011 ille
1291 952 1401 1011 Dei

92 1035 316 1115 Spiritus
344 1030 491 1095 suam
509 1035 714 1097 homini
748 1039 1136 1098 communicans
1147 1038 1363 1118 gratiam
1382 1072 1421 1103 ,.

86 1115 256 1198 ipsum
286 1138 468 1180 movet
497 1121 778 1202 incitatque
793 1120 855 1181 ad
879 1121 1115 1181 honestas
1132 1122 1360 1180 actiones
1378 1167 1396 1191 ,

91 1223 207 1282 quae
244 1204 470 1262 animum
491 1204 1039 1283 pulcherrimo-ardore
1055 1204 1366 1264 stimulantes
1383 1243 1403 1271 ,

90 1286 334 1366 deinceps
350 1288 596 1362 adjiciunt
609 1286 796 1349 famam
813 1290 996 1373 insigni
1010 1287 1156 1348 laude
1171 1286 1406 1370 digniffi-

94 1393 251 1430 mam.
344 1374 476 1431 Nec·
495 1371 677 1432 dubito
707 1423 723 1444 ‚
785 1375 923 1454 quin·
944 1373 1183 1433 omnibus
1216 1372 1403 1432 nostrae

95 1453 220 1514 fidei
248 1453 544 1531 hominibus
587 1454 702 1515 satis
741 1454 1025 1537 persuasum
1057 1457 1115 1516 lit
1157 1497 1176 1524 ,
1232 1476 1404 1538 neque

98 1539 243 1619 pium
277 1539 502 1620 aliquid',
560 1562 728 1621 neque
745 1539 1029 1625 gloriosum
1047 1540 1243 1600 anobis
1262 1537 1405 1620 poffe

95 1625 394 1692 committi,
445 1625 498 1681 ni
528 1621 815 1685 stimulante
831 1623 918 1684 illa
939 1623 1116 1684 divina
1133 1623 1298 1705 gratia
1316 1622 1410 1683 ad*

99 1706 271 1775 duest-i,
320 1708 481 1767 vitam
502 1709 858 1788 pulcherrimis
881 1710 1081 1768 virtutis
1097 1707 1405 1768 facinoribus

99 1812 432 1852 exornemus.
525 1797 610 1852 Ac
642 1796 747 1873 pari
765 1793 975 1876 quidem
992 1800 1047 1854 &
1065 1794 1409 1875 aequalimor-

101 1878 229 1935 tales
261 1874 496 1935 facultate
525 1874 739 1937 fruimur
771 1917 788 1946 ‚
850 1895 904 1936 ut
933 1878 1178 1938 virtutem
1210 1877 1408 1939 rati-one

107 1957 283 2019 nostra
316 1978 683 2040 anteponamus
718 1963 883 2039 vitio3
929 1959 1014 2020 sed
1045 1980 1218 2020 tamen
1252 1982 1416 2040 pecu·

108 2044 243 2103 liaris
269 2045 401 2102 illius
438 2045 616 2126 gratiae
646 2063 816 2107 motus
843 2043 949 2113 est,
993 2046 1081 2126 qui
1110 2067 1203 2104 nos
1216 2045 1275 2104 ad
1296 2047 1415 2124 pri-

110 2149 251 2188 mam
282 2130 386 2203 ejus
416 2131 488 2188 rei
516 2128 707 2189 causam
737 2130 942 2190 adducit
961 2167 980 2196 ‚
1023 2148 1078 2189 ut
1106 2150 1212 2188 non
1239 2126 1423 2191 solum·

111 2212 481 2293 cognoscamus
521 2214 767 2274 virtutem
797 2216 851 2274 in
875 2211 924 2273 se
945 2251 962 2279 ,
1008 2210 1095 2273 sed
1129 2214 1279 2273 &illi
1293 2235 1414 2274 om-

115 2316 238 2357 nem
271 2296 598 2361 attribuamus
626 2300 846 2382 gloriam
866 2347 882 2371 ,
924 2297 1022 2379 'qui
1053 2319 1147 2359 nos
1163 2294 1416 2361 sanctiore

1317 2403 1424 2442 im-
