1512 2708
155 108 272 166 290
541 89 576 146 S
621 107 657 149 γ
703 109 747 148 Μ
793 111 824 147 B
871 112 914 150 o
959 110 997 150 r.
1044 104 1085 148 A

154 173 378 233 sidiante
396 192 604 240 aranea,
641 173 703 234 ad
716 173 1242 253 »pastum-mactantur.
1284 176 1367 237 Sic
1385 176 1485 237 doss

148 277 405 316 cumento
426 256 541 338 ipfis
565 255 678 317 sunt
696 259 994 321 hominibus
1009 301 1024 330 ‚
1058 261 1216 344 quam
1235 263 1484 322 celeriter

142 344 203 402 in
236 342 378 402 suum
415 360 561 401 ruant
593 344 859 403 interitum
879 385 897 412 ‚
929 347 1019 427 qui
1054 369 1118 407 ex
1150 345 1295 409 mera
1327 365 1480 427 petu-

144 427 309 487 lamia
332 428 593 508 animique
610 426 814 488 lascivia
834 429 884 489 se
910 431 970 490 iis
992 430 1286 492 immiscent
1305 433 1475 500 rebus,

101 530 105 533 *
149 534 269 593 quae
290 521 342 573 &
361 513 588 572 tra&atu
621 512 895 583 difficiles,
932 523 988 576 δε
1019 519 1259 576 contactu
1278 518 1487 599 pericu-

148 598 275 658 losae
295 638 313 664 ,
352 619 520 681 neque
549 598 825 658 utilitatem
845 639 863 667 ‚
901 623 1072 682 neque
1103 605 1356 686 gloriam,
1392 599 1483 661 sed

149 705 218 744 ex
240 681 453 744 adverso
467 682 662 744 certam
684 685 971 765 perniciem
992 686 1227 747 afferunt.
1264 692 1330 746 In
1349 708 1483 768 quo-

149 791 270 829 rum
315 790 534 829 numero
565 767 800 848 primum
835 770 946 830 sunt
973 810 990 839 ‚
1042 773 1133 854 qui
1163 768 1363 850 judicio
1390 767 1482 830 suo

146 853 462 936 perscrutari
499 875 680 912 arcana
712 856 867 923 Dei,
907 878 1069 938 eaque
1104 854 1200 918 suae
1236 854 1483 933 subjicere

150 940 346 999 rationi
376 937 778 1022 aggrediuntur:
810 938 991 1024 digni,
1032 963 1163 1023 quos
1193 942 1247 1001 in
1276 941 1355 1001 his
1372 937 1489 1022 spe-

153 1025 499 1084 culationibus
515 1025 763 1104 corripiat
783 1023 958 1086 divina
978 1026 1209 1087 vindicta
1229 1074 1245 1097 ‚
1276 1032 1330 1087 δε
1353 1046 1489 1086 con·

151 1106 283 1170 fuso·
299 1111 475 1169 animo
505 1106 784 1191 spirituque
805 1110 1094 1190 prostituat.
1142 1113 1327 1196 Qdm
1350 1113 1488 1172 mul-

151 1213 246 1255 tos
275 1197 361 1254 illa
391 1192 658 1254 sublimior
689 1193 1050 1277 cognoscendi
1072 1195 1284 1257 aviditas
1300 1197 1462 1278 praeci

155 1282 298 1363 pites
320 1282 460 1364 egit,
493 1276 653 1360 iisque
671 1280 936 1342 intricavit
952 1281 1215 1365 negotist,
1248 1287 1304 1342 δε
1339 1280 1485 1344 simul

155 1365 427 1447 perdidit,
462 1364 642 1446 quibus
684 1363 860 1442 judicii
904 1365 975 1427 sui
1022 1366 1384 1451 sapientiaeque
1412 1365 1489 1428 fa-

155 1473 303 1514 mam
337 1452 590 1511 extollere
619 1449 894 1512 statuerant
929 1457 951 1511 ?
994 1452 1096 1512 Sed
1131 1457 1188 1513 δέ
1225 1451 1297 1522 ii,
1335 1473 1487 1514 more

162 1536 456 1599 muscarum
480 1574 498 1602 ‚
541 1532 592 1594 se
635 1536 880 1597 intricant
907 1578 926 1605 ,
970 1537 1058 1621 qui
1096 1537 1274 1598 tritam
1308 1540 1492 1622 vulga-

158 1643 379 1703 remque
409 1619 725 1681 fastidientes
764 1623 937 1688 viam,
973 1624 1027 1684 in
1070 1621 1218 1683 rebus
1245 1620 1486 1684 civilibus

166 1708 459 1789 praecipitia
485 1705 693 1767 tantum
723 1726 927 1779 amant,
977 1704 1178 1790 illisque
1205 1707 1409 1770 temere
1432 1705 1486 1769 se

159 1793 462 1853 immiscent-
503 1791 763 1875 negotiis·‚
806 1816 924 1876 quae
959 1793 1101 1853 sicuti
1131 1792 1362 1875 auspiciis
1388 1791 1487 1854 suis

163 1878 318 1937 ardua
337 1918 355 1946 ‚
399 1879 470 1938 ita
487 1894 680 1938 eventu
711 1877 1022 1958 periculosa,
1054 1877 1254 1939 tristem
1272 1879 1463 1940 cultori

163 1963 258 2022 bus
287 1963 382 2023 suis
414 1961 616 2025 exitum
644 1960 960 2050 relinquunt.
1018 1965 1079 2024 O
1113 1982 1244 2048 quot
1273 1966 1492 2045 Sejanus

164 2048 280 2109 haec
313 2049 537 2110 ambitio
567 2050 789 2120 evertit,
822 2053 1128 2133 populoque
1167 2048 1390 2132 praebuit
1415 2050 1487 2112 ri-

166 2132 400 2207 dendos;
430 2135 519 2216 qui
535 2133 767 2197 'feliciter
796 2137 1050 2198 lubricam
1072 2137 1215 2199 illam
1237 2135 1490 2222 negotio-¹

168 2243 283 2281 rum
316 2220 549 2281 civilium
577 2218 852 2285 calcassent
881 2224 1019 2287 viam
1048 2261 1067 2292 ‚
1098 2222 1137 2283 fi
1166 2240 1304 2294 tuta,
1351 2223 1490 2304 praed

101 2362 104 2363 γ
165 2303 361 2379 sentia,
393 2305 620 2393 &ob—via
636 2346 655 2379 2
684 2307 843 2396 quEun
863 2307 1180 2399 periculosa,
1208 2306 1394 2376 ardua,
1423 2310 1486 2368 δε

1235 2393 1484 2482 ambigua
